@book{choksi2022,
  title     = {Partial Differential Equations: A First Course},
  author    = {Choksi, Rustum},
  isbn      = {9781470464912},
  lccn      = {2021040894},
  series    = {Pure and Applied Undergraduate Texts},
  year      = {2022},
  publisher = {American Mathematical Society}
}

@book{kutz2013,
  title     = {Data-Driven Modeling \& Scientific Computation: Methods for Complex Systems \& Big Data},
  author    = {Kutz, J. Nathan},
  isbn      = {9780199660346},
  year      = {2013},
  publisher = {Oxford University Press}
}